@book{mccarthy_philosophical_1969,
	title = {Some philosophical problems from the standpoint of artificial intelligence},
	url = {http://works.bepress.com/cgi/viewcontent.cgi?filename=0&article=1002&context=jozsef_toth&type=additional},
	urldate = {2014-04-02},
	publisher = {Stanford University {USA}},
	author = {{McCarthy}, John and Hayes, Patrick},
	year = {1969},
}

@inproceedings{schiffel_reconciling_2006,
	title = {Reconciling situation calculus and fluent calculus},
	volume = {6},
	url = {http://www.aaai.org/Papers/AAAI/2006/AAAI06-046.pdf},
	urldate = {2014-04-04},
	booktitle = {{AAAI}},
	author = {Schiffel, Stephan and Thielscher, Michael},
	year = {2006},
	pages = {287–292},
}

@misc{papataxiarhis_situation_2006,
	type = {Lecture presentation},
	title = {Situation Calculus},
	url = {http://cgi.di.uoa.gr/~grad0833/SituationCalculus.ppt},
	author = {Papataxiarhis, Vassilis},
	month = jun,
	year = {2006}
}

@incollection{rao_agentspeak_1996,
	title = {{AgentSpeak} (L): {BDI} agents speak out in a logical computable language},
	shorttitle = {{AgentSpeak} (L)},
	url = {http://link.springer.com/chapter/10.1007/BFb0031845},
	urldate = {2014-04-30},
	booktitle = {Agents Breaking Away},
	publisher = {Springer},
	author = {Rao, Anand S.},
	year = {1996},
	pages = {42–55},
}

@incollection{bordini_jason_2005,
	title = {Jason and the Golden Fleece of agent-oriented programming},
	url = {http://link.springer.com/chapter/10.1007/0-387-26350-0_1},
	urldate = {2014-04-30},
	booktitle = {Multi-agent programming},
	publisher = {Springer},
	author = {Bordini, Rafael H. and Hübner, Jomi F. and Vieira, Renata},
	year = {2005},
	pages = {3–37},
}

@article{thielscher_flux:_2005,
	title = {{FLUX:} A logic programming method for reasoning agents},
	volume = {5},
	shorttitle = {{FLUX}},
	url = {http://journals.cambridge.org/production/action/cjoGetFulltext?fulltextid=316562},
	number = {4-5},
	urldate = {2014-03-14},
	journal = {Theory and Practice of Logic Programming},
	author = {Thielscher, Michael},
	year = {2005},
	pages = {533–565},
}

@article{thielscher_situation_1999,
	title = {From situation calculus to fluent calculus: State update axioms as a solution to the inferential frame problem},
	volume = {111},
	shorttitle = {From situation calculus to fluent calculus},
	url = {http://www.sciencedirect.com/science/article/pii/S0004370299000338},
	number = {1},
	urldate = {2014-04-02},
	journal = {Artificial intelligence},
	author = {Thielscher, Michael},
	year = {1999},
	pages = {277–299},
}

@article{fruhwirth_theory_1998,
	title = {Theory and practice of constraint handling rules},
	volume = {37},
	url = {http://www.sciencedirect.com/science/article/pii/S0743106698100055},
	number = {1-3},
	urldate = {2014-04-03},
	journal = {The Journal of Logic Programming},
	author = {Frühwirth, Thom},
	year = {1998},
	pages = {95–138},
}

@incollection{schiffel_multi-agent_2007,
	title = {Multi-agent {FLUX} for the gold mining domain (system description)},
	url = {http://link.springer.com/chapter/10.1007/978-3-540-69619-3_17},
	urldate = {2014-04-13},
	booktitle = {Computational Logic in Multi-Agent Systems},
	publisher = {Springer},
	author = {Schiffel, Stephan and Thielscher, Michael},
	year = {2007},
	pages = {294–303},
}

@article{levesque_golog:_1997,
	title = {{GOLOG:} A logic programming language for dynamic domains},
	volume = {31},
	shorttitle = {{GOLOG}},
	url = {http://www.sciencedirect.com/science/article/pii/S0743106696001215},
	number = {1},
	urldate = {2014-03-14},
	journal = {The Journal of Logic Programming},
	author = {Levesque, Hector J. and Reiter, Raymond and Lesperance, Yves and Lin, Fangzhen and Scherl, Richard B.},
	year = {1997},
	pages = {59–83},
}

@article{reiter_frame_1991,
	title = {The frame problem in the situation calculus: A simple solution (sometimes) and a completeness result for goal regression},
	volume = {27},
	shorttitle = {The frame problem in the situation calculus},
	url = {http://citeseerx.ist.psu.edu/viewdoc/download?doi=10.1.1.137.2995&rep=rep1&type=pdf},
	urldate = {2014-04-02},
	journal = {Artificial intelligence and mathematical theory of computation: papers in honor of John {McCarthy}},
	author = {Reiter, Raymond},
	year = {1991},
	pages = {359–380},
}

@article{lin_situation_2008,
	title = {Situation calculus},
	volume = {3},
	url = {http://octane.serveftp.com:8084/Classificados%20nao%20guardados/History%20and%20Philosophy%20of%20Science/Harmelen%20-%20Handbook%20of%20Knowledge%20Representation%20(Elsevier,%202008).pdf#page=675},
	urldate = {2014-04-03},
	journal = {Handbook of knowledge representation},
	author = {Lin, Fangzhen},
	year = {2008},
	pages = {3–88},
}

@techreport{ahlbrecht_mapc_2014,
  title = {Multi-Agent Programming Contest Scenario Description},
  year = {2014},
  author = {Ahlbrecht, Tobias and Dix, Jürgen and Köster, Michael and Schlesinger, Frederico},
  institution = {TU Clausthal},
}

@incollection{Singh_99,
	title = {Formal methods in DAI: Logic-based representation and reasoning.},
	booktitle = {Multiagent Systems A Modern Approach to Distributed Artificial Intelligence},
    publisher = {The MIT Press, Cambridge, Massachusetts},
	author = {Munindar P. Singh, Anand S. Rao, Michael P. Georgeff},
	year = {1999},
	pages = {331-376},
}

@book{Enderton_72,
    author = {Herbert B. Enderton},
    title = {A Mathematical Introduction to Logic},
    publisher = {Academic Press, San Diego},
    year = {1972},
}

@article{Saul_63,
    author = {Saul A. Kripke},
    title = {Semantical analysis of modal logic I: Normal modal propositional calculi},
    journal = {Zeitschrift für Mathematische Logik und Grundlagen der Mathematik},
    year = {1963},
    volume = {9},
    pages = {67-96},
}

@article{Kozen_90,
    author = {Dexter Kozen, Jerzy Tiurzyn},
    title = {Logics of program},
    journal = {In Jan van Leeuwen, editor, Handbook of Theoretical Computer Science},
    year = {1990},
    volume = {B},
    pages = {789-840},
}

@article{Singh_92,
    author = {Munindar P. Singh},
    title = {A critical examination of the Cohen-Levesque theory of intentions},
    journal = {In Proceedings of the 10th European Conference on Artificial Intelligence},
    year = {1992},
    pages = {364-368},
}

@article{Singh_97,
    author = {Munindar P. Singh},
    title = {A customizable coordination service for autonomous agents},
    journal = {In Proceedings of the 4th International Workshop on Agent Theories, Architectures and Languages (ATAL)},
    year = {1997},
}
@article{pirri_contributions_1999,
  title = {Some contributions to the metatheory of the situation calculus},
  volume = {46},
  url = {http://dl.acm.org/citation.cfm?id=316545},
  number = {3},
  urldate = {2014-10-01},
  journal = {Journal of the {ACM} ({JACM})},
  author = {Pirri, Fiora and Reiter, Ray},
  year = {1999},
  pages = {325--361},
}

@book{hayes_frame_1971,
  title = {The Frame Problem and Related Problems on Artificial Intelligence},
  url = {http://aitopics.org/sites/default/files/classic/Webber-Nilsson-Readings/Rdgs-NW-Hayes-FrameProblem.pdf},
  urldate = {2014-10-01},
  publisher = {Stanford University},
  author = {Hayes, Patrick J.},
  year = {1971},
}

@inproceedings{boutilier_decision-theoretic_2000,
  title = {Decision-theoretic, high-level agent programming in the situation calculus},
  url = {http://www.aaai.org/Papers/AAAI/2000/AAAI00-055.pdf},
  urldate = {2014-10-01},
  booktitle = {{AAAI}/{IAAI}},
  author = {Boutilier, Craig and Reiter, Raymond and Soutchanski, Mikhail and Thrun, Sebastian and {others}},
  year = {2000},
  pages = {355--362},
}

@article{lin_state_1994,
  title = {State constraints revisited},
  volume = {4},
  url = {http://logcom.oxfordjournals.org/content/4/5/655.short},
  number = {5},
  urldate = {2014-10-01},
  journal = {Journal of logic and computation},
  author = {Lin, Fangzen and Reiter, Ray},
  year = {1994},
  pages = {655--677},
}
