@incollection{Singh_99,
	title = {Formal methods in DAI: Logic-based representation and reasoning.},
	booktitle = {Multiagent Systems A Modern Approach to Distributed Artificial Intelligence},
    publisher = {The MIT Press, Cambridge, Massachusetts},
	author = {Munindar P. Singh, Anand S. Rao, Michael P. Georgeff},
	year = {1999},
	pages = {331-376},
}

@book{Enderton_72,
    author = {Herbert B. Enderton},
    title = {A Mathematical Introduction to Logic},
    publisher = {Academic Press, San Diego},
    year = {1972},
}

@article{Saul_63,
    author = {Saul A. Kripke},
    title = {Semantical analysis of modal logic I: Normal modal propositional calculi},
    journal = {Zeitschrift f√ºr Mathematische Logik und Grundlagen der Mathematik},
    year = {1963},
    volume = {9},
    pages = {67-96},
}

@article{Kozen_90,
    author = {Dexter Kozen, Jerzy Tiurzyn},
    title = {Logics of program},
    journal = {In Jan van Leeuwen, editor, Handbook of Theoretical Computer Science},
    year = {1990},
    volume = {B},
    pages = {789-840},
}

@article{Singh_92,
    author = {Munindar P. Singh},
    title = {A critical examination of the Cohen-Levesque theory of intentions},
    journal = {In Proceedings of the 10th European Conference on Artificial Intelligence},
    year = {1992},
    pages = {364-368},
}

@article{Singh_97,
    author = {Munindar P. Singh},
    title = {A customizable coordination service for autonomous agents},
    journal = {In Proceedings of the 4th International Workshop on Agent Theories, Architectures and Languages (ATAL)},
    year = {1997},
}
